Trade_Time,Price_USD,Volume_BTC,Symbol
2025-09-30 00:07:07.478,114272.8,0.02,BTCUSDT
2025-09-30 00:07:07.529,114272.9,0.001,BTCUSDT
2025-09-30 00:07:07.690,114272.9,0.007,BTCUSDT
2025-09-30 00:07:08.245,114272.8,0.044,BTCUSDT
2025-09-30 00:07:08.419,114272.8,0.001,BTCUSDT
2025-09-30 00:07:08.509,114272.9,0.014,BTCUSDT
2025-09-30 00:07:09.179,114272.8,0.044,BTCUSDT
2025-09-30 00:07:09.558,114272.9,0.008,BTCUSDT
2025-09-30 00:07:09.592,114272.9,0.021,BTCUSDT
2025-09-30 00:07:09.702,114272.8,0.001,BTCUSDT
2025-09-30 00:07:09.711,114272.9,0.589,BTCUSDT
2025-09-30 00:07:09.711,114272.9,0.323,BTCUSDT
2025-09-30 00:07:09.711,114272.9,0.072,BTCUSDT
2025-09-30 00:07:09.711,114272.9,0.053,BTCUSDT
2025-09-30 00:07:09.711,114272.9,0.001,BTCUSDT
2025-09-30 00:07:09.711,114272.9,0.027,BTCUSDT
2025-09-30 00:07:09.711,114272.9,0.623,BTCUSDT
2025-09-30 00:07:09.711,114272.9,0.207,BTCUSDT
2025-09-30 00:07:09.711,114272.9,0.105,BTCUSDT
2025-09-30 00:07:09.809,114272.9,0.015,BTCUSDT
2025-09-30 00:07:10.200,114272.8,0.044,BTCUSDT
2025-09-30 00:07:10.818,114272.9,0.002,BTCUSDT
2025-09-30 00:07:10.884,114272.9,0.579,BTCUSDT
2025-09-30 00:07:10.884,114272.9,0.001,BTCUSDT
2025-09-30 00:07:10.884,114272.9,0.008,BTCUSDT
2025-09-30 00:07:10.884,114272.9,0.001,BTCUSDT
2025-09-30 00:07:10.884,114272.9,0.005,BTCUSDT
2025-09-30 00:07:10.884,114272.9,0.125,BTCUSDT
2025-09-30 00:07:10.884,114272.9,0.281,BTCUSDT
2025-09-30 00:07:11.184,114272.8,0.044,BTCUSDT
2025-09-30 00:07:11.208,114272.8,0.001,BTCUSDT
2025-09-30 00:07:11.219,114272.8,0.004,BTCUSDT
2025-09-30 00:07:11.253,114272.9,0.009,BTCUSDT
2025-09-30 00:07:11.253,114272.9,0.003,BTCUSDT
2025-09-30 00:07:11.253,114272.9,0.003,BTCUSDT
2025-09-30 00:07:11.253,114272.9,0.009,BTCUSDT
2025-09-30 00:07:11.253,114272.9,0.004,BTCUSDT
2025-09-30 00:07:11.253,114272.9,0.005,BTCUSDT
2025-09-30 00:07:11.253,114272.9,0.032,BTCUSDT
2025-09-30 00:07:11.253,114272.9,0.001,BTCUSDT
2025-09-30 00:07:11.253,114272.9,0.048,BTCUSDT
2025-09-30 00:07:11.254,114272.9,0.002,BTCUSDT
2025-09-30 00:07:11.732,114272.8,0.001,BTCUSDT
2025-09-30 00:07:11.738,114272.8,0.05,BTCUSDT
2025-09-30 00:07:12.187,114272.9,0.001,BTCUSDT
2025-09-30 00:07:12.283,114272.8,0.044,BTCUSDT
2025-09-30 00:07:12.882,114272.9,0.001,BTCUSDT
2025-09-30 00:07:12.937,114272.9,0.014,BTCUSDT
2025-09-30 00:07:12.937,114272.9,0.117,BTCUSDT
2025-09-30 00:07:13.334,114272.8,0.044,BTCUSDT
2025-09-30 00:07:13.578,114272.9,0.002,BTCUSDT
2025-09-30 00:07:14.119,114272.9,0.019,BTCUSDT
2025-09-30 00:07:14.299,114272.8,0.044,BTCUSDT
2025-09-30 00:07:14.478,114272.9,0.047,BTCUSDT
2025-09-30 00:07:14.941,114272.8,0.021,BTCUSDT
2025-09-30 00:07:14.999,114272.8,0.021,BTCUSDT
2025-09-30 00:07:15.022,114272.9,0.002,BTCUSDT
2025-09-30 00:07:15.197,114272.9,0.008,BTCUSDT
2025-09-30 00:07:15.350,114272.9,0.017,BTCUSDT
2025-09-30 00:07:15.388,114272.8,0.044,BTCUSDT
2025-09-30 00:07:15.640,114272.8,0.05,BTCUSDT
2025-09-30 00:07:16.341,114272.8,0.222,BTCUSDT
2025-09-30 00:07:16.341,114272.8,0.61,BTCUSDT
2025-09-30 00:07:16.341,114272.8,0.147,BTCUSDT
2025-09-30 00:07:16.500,114272.8,0.044,BTCUSDT
2025-09-30 00:07:16.557,114272.9,0.001,BTCUSDT
2025-09-30 00:07:17.051,114272.9,0.1,BTCUSDT
2025-09-30 00:07:17.503,114272.8,0.044,BTCUSDT
2025-09-30 00:07:17.583,114272.9,0.01,BTCUSDT
2025-09-30 00:07:17.583,114272.9,0.003,BTCUSDT
2025-09-30 00:07:17.650,114272.9,0.024,BTCUSDT
2025-09-30 00:07:17.650,114272.9,0.003,BTCUSDT
2025-09-30 00:07:17.650,114272.9,0.008,BTCUSDT
2025-09-30 00:07:17.650,114272.9,0.003,BTCUSDT
2025-09-30 00:07:17.650,114272.9,0.053,BTCUSDT
2025-09-30 00:07:17.650,114272.9,0.346,BTCUSDT
2025-09-30 00:07:17.783,114272.8,0.01,BTCUSDT
2025-09-30 00:07:17.785,114272.8,0.05,BTCUSDT
2025-09-30 00:07:18.126,114272.8,0.004,BTCUSDT
2025-09-30 00:07:18.196,114272.9,0.025,BTCUSDT
2025-09-30 00:07:18.306,114272.8,0.025,BTCUSDT
2025-09-30 00:07:18.514,114272.8,0.044,BTCUSDT
2025-09-30 00:07:19.099,114272.9,0.019,BTCUSDT
2025-09-30 00:07:19.226,114272.9,0.002,BTCUSDT
2025-09-30 00:07:19.244,114272.8,0.001,BTCUSDT
2025-09-30 00:07:19.481,114272.8,0.043,BTCUSDT
2025-09-30 00:07:20.245,114272.8,0.009,BTCUSDT
2025-09-30 00:07:20.311,114272.9,0.101,BTCUSDT
2025-09-30 00:07:20.311,114272.9,0.012,BTCUSDT
2025-09-30 00:07:20.311,114272.9,0.002,BTCUSDT
2025-09-30 00:07:20.474,114272.8,0.043,BTCUSDT
2025-09-30 00:07:20.514,114272.9,0.002,BTCUSDT
2025-09-30 00:07:20.899,114272.9,0.019,BTCUSDT
2025-09-30 00:07:20.933,114272.9,0.018,BTCUSDT
2025-09-30 00:07:21.275,114272.9,0.014,BTCUSDT
2025-09-30 00:07:21.564,114272.8,0.043,BTCUSDT
2025-09-30 00:07:21.602,114272.9,0.005,BTCUSDT
2025-09-30 00:07:21.732,114272.8,0.001,BTCUSDT
